<?xml version="1.0" encoding="UTF-8"?><collection xmlns="http://www.loc.gov/MARC21/slim"><record><leader>00394nam--2200121-i-4500</leader><controlfield tag="001">000021053</controlfield><controlfield tag="002">20161230</controlfield><controlfield tag="005">20161230201034</controlfield><controlfield tag="008">060222s1000------------r-----000-0-eng-d</controlfield><datafield ind1=" " ind2=" " tag="100"><subfield code="a">Hasche R.Leonard, Charles C. Winding</subfield></datafield><datafield ind1=" " ind2=" " tag="245"><subfield code="a">Plastics theory and practice. the technology of high polymers. first edition</subfield></datafield><datafield ind1=" " ind2=" " tag="260"><subfield code="a">New-york, London, Mcgraw-hill Book, 1947 X + 280 P. Cu Ilustr</subfield></datafield><datafield ind1=" " ind2=" " tag="852"><subfield code="a">3237</subfield></datafield></record></collection>